Date,Quarter,Ticker,PE_Ratio,PB_Ratio,Debt_to_Equity,Current_Ratio,ROE,ROA,Market_Cap,Total_Revenue,Net_Income,Altman_Z,GDP_Growth,CPI_Inflation,Fed_Funds_Rate,Unemployment_Rate,Sentiment_Score,Sentiment_Volatility,Risk_Score,Financial_Distress,Risk_Category
2000-03-31,2000-03-31,MSFT,29.21,4.36,0.05,1.101,0.1753,0.0883,389471517194,35214632958,13480255573,13.76,2.5,1.5,2.03,4.4,0.71,0.202,13.76,0,Low
2000-06-30,2000-06-30,MSFT,29.96,3.3,0.191,1.765,0.1644,0.0843,354230749927,30440367608,5356403884,5.12,2.71,1.82,2.29,4.0,0.693,0.27,5.12,0,Low
2000-09-30,2000-09-30,MSFT,34.77,7.49,0.16,1.098,0.2087,0.0965,437887851059,42291762787,17533538521,5.57,2.8,0.99,2.31,4.7,0.609,0.313,5.57,0,Low
2000-12-31,2000-12-31,MSFT,38.01,7.23,0.172,1.398,0.2492,0.1365,511472233574,64555225250,37870602108,5.64,2.89,1.21,2.61,5.2,0.571,0.394,5.64,0,Low
2001-03-31,2001-03-31,MSFT,31.59,5.38,0.168,1.325,0.1896,0.0946,382791651769,33772892333,19159120084,5.45,3.06,2.36,2.9,3.8,0.609,0.315,5.45,0,Low
2001-06-30,2001-06-30,MSFT,54.96,5.82,0.148,1.855,0.306,0.1609,610403163146,67365349703,28903775735,6.54,3.2,1.56,2.16,3.8,0.577,0.277,6.54,0,Low
2001-09-30,2001-09-30,MSFT,35.76,4.0,0.111,1.785,0.2148,0.0965,425592046424,31538012802,11364326276,7.46,3.22,1.46,2.24,4.1,0.632,0.448,7.46,0,Low
2001-12-31,2001-12-31,MSFT,30.32,3.47,0.292,1.392,0.1973,0.0936,390357596853,49564276601,15572191162,3.96,3.2,2.07,3.18,4.3,0.52,0.28,3.96,0,Low
2002-03-31,2002-03-31,MSFT,45.75,5.03,0.323,1.321,0.2749,0.1679,545703675406,53552689055,44030756811,4.15,3.26,2.68,3.14,4.5,0.741,0.342,4.15,0,Low
2002-06-30,2002-06-30,MSFT,44.27,3.2,0.319,1.257,0.2466,0.1326,493793588227,56337488698,33264534304,3.96,3.29,2.03,2.93,3.8,0.413,0.191,3.96,0,Low
2002-09-30,2002-09-30,MSFT,35.65,2.04,0.107,1.651,0.2143,0.1115,434870194726,52023880831,22322409302,7.71,3.19,2.26,2.82,3.8,0.63,0.199,7.71,0,Low
2002-12-31,2002-12-31,MSFT,35.77,4.8,0.084,0.842,0.2349,0.1095,485568126918,51599028876,25566670761,8.95,3.06,1.19,2.13,4.5,0.522,0.284,8.95,0,Low
2003-03-31,2003-03-31,MSFT,33.12,3.98,0.185,1.319,0.1992,0.1035,421637937733,27640664871,4966155012,5.17,3.02,2.28,2.24,4.3,0.649,0.242,5.17,0,Low
2003-06-30,2003-06-30,MSFT,33.15,7.38,0.201,1.231,0.1823,0.086,397001901650,46700759080,22834806511,4.79,2.97,2.54,1.6,4.9,0.658,0.35,4.79,0,Low
2003-09-30,2003-09-30,MSFT,29.15,3.2,0.195,1.677,0.1754,0.0945,394567947347,46387027716,8523224745,5.07,2.8,2.13,2.22,5.3,0.419,0.292,5.07,0,Low
2003-12-31,2003-12-31,MSFT,24.93,7.24,0.296,1.542,0.1681,0.0825,391962091405,48519590731,19079857844,3.91,2.64,1.33,1.68,4.9,0.497,0.337,3.91,0,Low
2004-03-31,2004-03-31,MSFT,21.15,7.81,0.216,1.29,0.1274,0.0644,308443813440,31769831237,10244603541,4.46,2.59,1.95,1.45,6.2,0.618,0.288,4.46,0,Low
2004-06-30,2004-06-30,MSFT,25.9,6.46,0.136,1.648,0.139,0.0748,349199444121,37298860987,9230029774,6.28,2.55,2.69,1.59,5.8,0.387,0.342,6.28,0,Low
2004-09-30,2004-09-30,MSFT,17.56,7.65,0.304,1.562,0.1059,0.0422,275258772221,33727197839,7533840112,3.62,2.42,1.78,1.25,5.1,0.375,0.292,3.62,0,Low
2004-12-31,2004-12-31,MSFT,20.86,2.1,0.162,1.217,0.1459,0.0683,389943418095,38525457748,8095762206,5.39,2.32,2.59,1.67,5.7,0.537,0.32,5.39,0,Low
2005-03-31,2005-03-31,MSFT,21.2,7.05,0.071,1.487,0.128,0.0796,348584944587,31460817177,11191196107,10.31,2.35,2.49,1.11,6.1,0.255,0.259,10.31,0,Low
2005-06-30,2005-06-30,MSFT,21.0,5.88,0.098,1.455,0.111,0.0593,304285844396,29787870119,6352945162,7.81,2.41,2.49,1.07,5.9,0.315,0.35,7.81,0,Low
2005-09-30,2005-09-30,MSFT,20.98,2.96,0.137,1.758,0.1267,0.0666,345553150914,35259273142,7905209254,6.24,2.39,2.26,1.39,4.6,0.398,0.397,6.24,0,Low
2005-12-31,2005-12-31,MSFT,21.95,7.42,0.167,1.512,0.1536,0.08,411971030393,45657297170,9448163164,5.45,2.41,1.93,1.15,5.7,0.539,0.045,5.45,0,Low
2006-03-31,2006-03-31,MSFT,20.83,5.91,0.11,1.595,0.1258,0.0621,328619903984,29363757823,10509506973,7.24,2.55,1.28,1.53,4.7,0.284,0.271,7.24,0,Low
2006-06-30,2006-06-30,MSFT,25.15,2.09,0.135,1.266,0.1353,0.0598,341960540851,33086600324,11354621998,6.08,2.72,2.18,1.06,5.0,0.432,0.255,6.08,0,Low
2006-09-30,2006-09-30,MSFT,25.36,2.31,0.218,1.69,0.1531,0.0765,373658857453,24958345580,7853822719,4.65,2.8,1.85,1.98,5.6,0.431,0.226,4.65,0,Low
2006-12-31,2006-12-31,MSFT,27.52,2.99,0.349,1.668,0.1861,0.1045,438158352887,43569483737,10717857106,3.77,2.9,1.25,1.99,5.2,0.432,0.36,3.77,0,Low
2007-03-31,2007-03-31,MSFT,18.04,5.37,0.16,1.588,0.1815,0.075,413184243946,28171562185,13575462386,5.62,1.11,1.76,0.89,8.5,0.421,0.154,5.62,0,Low
2007-06-30,2007-06-30,MSFT,21.21,7.9,0.236,1.56,0.1781,0.1093,393104197963,39895608952,17324403035,4.57,1.31,2.15,1.29,9.2,0.16,0.325,4.57,0,Low
2007-09-30,2007-09-30,MSFT,19.1,6.87,0.19,1.315,0.1784,0.0985,383511955036,26393400133,11908380570,5.04,1.41,2.37,1.61,8.7,0.143,0.322,5.04,0,Low
2007-12-31,2007-12-31,MSFT,20.41,4.96,0.346,1.414,0.2128,0.0897,447716060624,51101675631,10225185447,3.64,1.5,2.43,1.37,7.7,0.19,0.401,3.64,0,Low
2008-03-31,2008-03-31,MSFT,39.55,5.17,0.206,1.451,0.2386,0.105,493822165766,50250931028,28099950974,4.92,3.66,1.98,2.48,3.9,0.57,0.408,4.92,0,Low
2008-06-30,2008-06-30,MSFT,47.69,6.57,0.227,1.708,0.2668,0.1328,545682169747,38922187675,24818773956,4.9,3.81,2.36,3.45,4.9,0.71,0.318,4.9,0,Low
2008-09-30,2008-09-30,MSFT,34.48,2.27,0.291,1.347,0.2081,0.1244,422805048575,36789620987,13828928105,4.11,3.82,2.08,2.8,3.1,0.688,0.434,4.11,0,Low
2008-12-31,2008-12-31,MSFT,31.16,5.35,0.245,1.276,0.2037,0.0898,413283680433,39682603082,12618911579,4.3,3.81,2.27,3.32,4.5,0.533,0.149,4.3,0,Low
2009-03-31,2009-03-31,MSFT,38.07,7.39,0.069,1.69,0.2298,0.1119,467745592869,41275370468,23936417234,10.85,3.87,2.2,3.08,3.6,0.654,0.445,10.85,0,Low
2009-06-30,2009-06-30,MSFT,44.77,5.69,0.096,1.97,0.2506,0.1271,514438084480,50295494476,27115625599,8.56,3.89,2.42,2.45,4.0,0.673,0.412,8.56,0,Low
2009-09-30,2009-09-30,MSFT,35.54,5.12,0.278,1.5,0.2147,0.0959,446607673675,47580467953,19353629432,4.12,3.8,2.7,2.13,5.9,0.66,0.335,4.12,0,Low
2009-12-31,2009-12-31,MSFT,33.0,2.46,0.12,1.325,0.2177,0.0779,461325366778,52327477920,19226328504,6.81,3.67,2.2,2.44,4.1,0.556,0.269,6.81,0,Low
2010-03-31,2010-03-31,MSFT,34.22,4.76,0.315,1.791,0.2069,0.0877,448714913256,42994065261,12133776947,3.93,3.63,2.46,2.4,4.5,0.595,0.217,3.93,0,Low
2010-06-30,2010-06-30,MSFT,36.36,2.98,0.258,1.642,0.2011,0.1175,448503309971,46210085063,17187374563,4.44,3.57,2.91,2.42,5.2,0.485,0.286,4.44,0,Low
2010-09-30,2010-09-30,MSFT,29.32,3.4,0.196,1.463,0.1775,0.0849,408711001234,51316728998,18504683023,4.93,3.41,2.16,1.99,5.1,0.684,0.32,4.93,0,Low
2010-12-31,2010-12-31,MSFT,23.87,6.65,0.314,1.654,0.162,0.0804,386397848545,59835139091,11540372877,3.82,3.25,1.68,1.88,4.7,0.515,0.385,3.82,0,Low
2011-03-31,2011-03-31,MSFT,28.7,7.88,0.16,1.577,0.1741,0.0936,430983024050,43684273930,23298159412,5.71,3.2,1.85,1.84,5.4,0.594,0.301,5.71,0,Low
2011-06-30,2011-06-30,MSFT,30.12,2.78,0.234,1.086,0.1629,0.0904,418233516156,37184748199,8801927812,4.32,3.15,2.69,1.27,5.5,0.585,0.296,4.32,0,Low
2011-09-30,2011-09-30,MSFT,23.92,2.02,0.198,1.126,0.1454,0.0786,386174067318,38623770184,14017176257,4.73,3.03,1.83,1.22,6.1,0.513,0.243,4.73,0,Low
2011-12-31,2011-12-31,MSFT,17.62,6.79,0.176,1.306,0.1242,0.0608,339116636369,35020115364,9596002556,5.06,2.93,1.91,1.09,5.6,0.442,0.324,5.06,0,Low
2012-03-31,2012-03-31,MSFT,22.46,3.3,0.337,1.066,0.1367,0.08,380185455800,29974214226,6284874948,3.46,2.96,2.77,1.66,5.6,0.411,0.3,3.46,0,Low
2012-06-30,2012-06-30,MSFT,18.4,7.0,0.315,1.423,0.0981,0.0532,274556387757,36783480105,11363440524,3.55,3.02,1.98,1.4,5.9,0.462,0.449,3.55,0,Low
2012-09-30,2012-09-30,MSFT,19.06,3.04,0.358,1.384,0.1161,0.055,323389736714,26051836406,7003893587,3.33,3.0,2.71,1.07,5.2,0.503,0.232,3.33,0,Low
2012-12-31,2012-12-31,MSFT,19.08,3.56,0.15,1.484,0.1347,0.0577,368848802033,40316797809,12249291767,5.71,3.02,1.52,1.62,6.3,0.333,0.255,5.71,0,Low
2013-03-31,2013-03-31,MSFT,20.29,7.57,0.326,1.366,0.1235,0.0649,329636941346,35346842718,7284525002,3.54,3.16,2.9,1.39,4.5,0.303,0.391,3.54,0,Low
2013-06-30,2013-06-30,MSFT,28.08,2.17,0.232,1.635,0.1522,0.0716,393171795117,38347484610,8534461864,4.43,3.33,2.53,1.56,4.8,0.383,0.397,4.43,0,Low
2013-09-30,2013-09-30,MSFT,22.49,6.08,0.277,1.38,0.1367,0.0731,341184464938,32321053626,8813313659,3.92,3.41,2.6,1.87,5.3,0.536,0.414,3.92,0,Low
2013-12-31,2013-12-31,MSFT,28.58,4.9,0.246,1.567,0.1945,0.106,468480283697,68752885937,22449828666,4.47,3.51,2.5,2.12,5.9,0.544,0.163,4.47,0,Low
2014-03-31,2014-03-31,MSFT,32.28,5.49,0.064,1.684,0.196,0.1088,456547479065,49698374967,19020264596,11.45,3.72,2.64,2.04,5.0,0.795,0.158,11.45,0,Low
2014-06-30,2014-06-30,MSFT,35.84,3.91,0.118,1.726,0.1989,0.0811,449439452575,44794594212,23949454884,7.05,3.92,1.9,2.32,5.6,0.638,0.19,7.05,0,Low
2014-09-30,2014-09-30,MSFT,31.86,7.83,0.155,1.739,0.1933,0.1025,425556055118,30910696453,6544833233,5.93,4.02,1.96,2.78,4.6,0.54,0.199,5.93,0,Low
2014-12-31,2014-12-31,MSFT,33.53,5.75,0.26,1.71,0.2221,0.1193,478641188811,33726653399,7698596916,4.47,4.11,2.39,1.99,4.2,0.577,0.444,4.47,0,Low
2015-03-31,2015-03-31,MSFT,38.74,3.15,0.203,1.319,0.2349,0.1224,497918643848,44838212574,28467598687,5.0,4.27,2.61,2.61,4.8,0.616,0.123,5.0,0,Low
2015-06-30,2015-06-30,MSFT,35.39,7.17,0.141,1.541,0.1989,0.0803,416768283820,45894413520,22152735818,6.15,4.42,2.68,3.28,3.9,0.495,0.509,6.15,0,Low
2015-09-30,2015-09-30,MSFT,32.03,3.55,0.264,1.338,0.1942,0.0925,404221092104,25911168138,8364790773,4.15,4.43,2.64,3.59,3.7,0.267,0.323,4.15,0,Low
2015-12-31,2015-12-31,MSFT,40.11,2.67,0.136,1.49,0.2635,0.1135,547667011350,69677167171,43961903386,6.48,4.42,2.48,3.01,4.3,0.603,0.263,6.48,0,Low
2016-03-31,2016-03-31,MSFT,39.81,7.61,0.148,1.582,0.2414,0.1299,503486491731,51703128082,13656450440,6.24,4.48,2.54,2.67,3.8,0.683,0.07,6.24,0,Low
2016-06-30,2016-06-30,MSFT,36.18,7.49,0.142,1.976,0.2035,0.1131,427820548763,46456609123,12694032272,6.44,4.5,3.37,2.72,4.3,0.486,0.169,6.44,0,Low
2016-09-30,2016-09-30,MSFT,33.17,2.28,0.273,1.241,0.2013,0.0848,428905896689,57993507770,22623246281,4.0,4.4,3.0,2.84,4.8,0.639,0.275,4.0,0,Low
2016-12-31,2016-12-31,MSFT,27.83,6.9,0.21,1.314,0.1846,0.0913,400472856404,30991030420,16601129474,4.72,4.28,3.07,2.32,5.0,0.411,0.302,4.72,0,Low
2017-03-31,2017-03-31,MSFT,30.9,2.48,0.145,1.51,0.1878,0.0895,416993422918,35521936313,5657320411,6.07,4.24,2.08,2.4,5.7,0.507,0.17,6.07,0,Low
2017-06-30,2017-06-30,MSFT,42.95,2.52,0.23,1.935,0.2389,0.1104,545222958004,67557333920,33862130658,4.82,4.18,2.67,2.8,4.9,0.582,0.474,4.82,0,Low
2017-09-30,2017-09-30,MSFT,32.34,5.36,0.225,1.384,0.197,0.101,464058260353,35665605107,16209255978,4.6,4.02,2.27,1.88,4.7,0.399,0.379,4.6,0,Low
2017-12-31,2017-12-31,MSFT,24.99,4.25,0.214,1.614,0.1707,0.0802,416286746009,57899117470,8464088012,4.71,3.86,2.86,1.78,5.4,0.588,0.331,4.71,0,Low
2018-03-31,2018-03-31,MSFT,27.39,3.75,0.222,1.784,0.1673,0.0878,423289235031,31898417793,16651997529,4.69,3.8,1.9,1.67,5.1,0.469,0.391,4.69,0,Low
2018-06-30,2018-06-30,MSFT,32.55,2.79,0.275,1.405,0.1773,0.1085,465155534848,60063837025,18552933137,4.15,3.76,2.94,1.37,5.0,0.445,0.263,4.15,0,Low
2018-09-30,2018-09-30,MSFT,20.38,3.25,0.217,1.619,0.1249,0.058,338632026369,31114062078,13446094909,4.53,3.64,2.01,1.17,5.2,0.402,0.21,4.53,0,Low
2018-12-31,2018-12-31,MSFT,19.45,3.66,0.501,1.407,0.1383,0.0698,385247937520,54899974754,15465734422,2.95,3.54,2.9,1.0,6.1,0.395,0.06,2.95,0,Medium
2019-03-31,2019-03-31,MSFT,25.48,4.22,0.186,1.469,0.1565,0.074,443837794906,57966240641,15114202114,5.04,3.57,2.94,1.22,4.8,0.458,0.007,5.04,0,Low
2019-06-30,2019-06-30,MSFT,20.14,3.91,0.187,1.713,0.1083,0.0496,309265851454,29673304736,4910265369,4.95,3.62,3.35,0.56,5.0,0.433,0.154,4.95,0,Low
2019-09-30,2019-09-30,MSFT,22.95,5.58,0.406,1.52,0.141,0.0639,400550028219,45615462872,18081352029,3.24,3.61,3.21,1.05,5.6,0.383,0.353,3.24,0,Low
2019-12-31,2019-12-31,MSFT,18.23,3.02,0.302,1.402,0.1297,0.0667,362544892069,37285221519,16534774620,3.71,3.63,2.19,1.53,5.9,0.369,0.263,3.71,0,Low
2020-03-31,2020-03-31,MSFT,17.51,2.42,0.221,1.784,0.1455,0.0807,396262213261,51907718545,15227404895,4.66,2.77,2.21,0.68,6.8,0.284,0.164,4.66,0,Low
2020-06-30,2020-06-30,MSFT,20.11,5.16,0.229,1.581,0.1405,0.0794,370847542271,34560857978,9177473192,4.49,2.94,3.94,1.26,7.2,0.426,0.212,4.49,0,Low
2020-09-30,2020-09-30,MSFT,19.93,5.41,0.116,2.002,0.1585,0.0864,403936585211,45500163792,13459710069,7.24,3.02,3.2,0.93,6.6,0.174,0.219,7.24,0,Low
2020-12-31,2020-12-31,MSFT,19.56,7.04,0.268,1.319,0.1763,0.1097,434110677735,30987982291,4751984638,4.18,3.12,1.86,1.07,6.5,0.156,0.179,4.18,0,Low
2021-03-31,2021-03-31,MSFT,33.3,6.62,0.141,1.685,0.2035,0.1113,484568181346,48499234048,12574017027,6.35,4.33,3.16,1.89,5.3,0.506,0.201,6.35,0,Low
2021-06-30,2021-06-30,MSFT,33.6,6.97,0.138,1.794,0.1875,0.0939,433456514831,42012460423,16216528613,6.38,4.53,3.47,2.65,4.8,0.633,0.208,6.38,0,Low
2021-09-30,2021-09-30,MSFT,35.69,6.44,0.117,1.597,0.2177,0.1051,490413754895,56527586465,20025559212,7.18,4.63,2.88,2.54,5.3,0.56,0.301,7.18,0,Low
2021-12-31,2021-12-31,MSFT,34.64,4.32,0.27,1.532,0.2306,0.1113,508597399753,52221347371,21504232664,4.29,4.72,2.16,2.59,4.9,0.67,0.358,4.29,0,Low
2022-03-31,2022-03-31,MSFT,41.51,2.32,0.17,1.61,0.2529,0.1141,548754096442,68234037396,44264814061,5.65,4.88,2.72,2.55,4.5,0.673,0.084,5.65,0,Low
2022-06-30,2022-06-30,MSFT,42.48,2.7,0.092,1.622,0.2399,0.1042,514628736620,67311362741,27345898807,8.6,5.03,3.34,3.04,3.8,0.449,0.304,8.6,0,Low
2022-09-30,2022-09-30,MSFT,35.36,2.74,0.326,1.212,0.2154,0.1309,459067978423,55565770244,20544346155,3.87,5.04,2.57,2.83,3.9,0.6,0.331,3.87,0,Low
2022-12-31,2022-12-31,MSFT,38.03,2.23,0.251,1.447,0.251,0.1392,533990468674,54541131231,37032082673,4.58,5.03,3.49,2.4,4.3,0.595,0.472,4.58,0,Low
